%% This BibTeX bibliography file was created using BibDesk.
%% https://bibdesk.sourceforge.io/

%% Created for Jeremy Clark at 2020-09-21 10:37:15 -0400 


%% Saved with string encoding Unicode (UTF-8) 



@techreport{RoNi20,
	Author = {Dan Robinson and Allan Niemerg},
	Date-Added = {2020-09-21 10:36:23 -0400},
	Date-Modified = {2020-09-21 10:37:13 -0400},
	Institution = {Yield.is},
	Month = {Apr},
	Title = {The Yield Protocol: On-Chain Lending With Interest Rate Discovery},
	Year = {2020}}

@techreport{KMM20,
	Author = {Ariah Klages-Mundt and Andreea Minca},
	Date-Added = {2020-09-18 12:31:29 -0400},
	Date-Modified = {2020-09-18 12:32:01 -0400},
	Institution = {arXiv},
	Title = {While Stability Lasts: A Stochastic Model of Stablecoins},
	Year = {2020}}

@inproceedings{GRB20,
	Author = {Wanyun Gu and Anika Raghuvanshi and Dan Boneh},
	Booktitle = {Cryptoeconomic Systems},
	Date-Added = {2020-09-17 11:32:05 -0400},
	Date-Modified = {2020-09-17 11:34:56 -0400},
	Title = {Empirical Measurements on Pricing Oracles and Decentralized Governance for Stablecoins},
	Year = {2020}}

@techreport{QZLG20,
	Author = {Kaihua Qin and Liyi Zhou and Benjamin Livshits and Arthur Gervais},
	Date-Added = {2020-09-17 09:21:19 -0400},
	Date-Modified = {2020-09-17 09:22:22 -0400},
	Institution = {arXiv},
	Number = {2003.03810v2},
	Title = {Attacking the {D}e{F}i Ecosystem with Flash Loans for Fun and Profit},
	Year = {2020}}

@inproceedings{GPH+20,
	Author = {Lewis Gudgeon and Daniel Perez and Dominik Harz and Benjamin Livshits and Arthur Gervais},
	Booktitle = {CVCBT},
	Date-Added = {2020-09-17 09:18:16 -0400},
	Date-Modified = {2020-09-17 09:19:14 -0400},
	Title = {The Decentralized Financial Crisis},
	Year = {2020}}

@inproceedings{PHP+19,
	Author = {Ingolf G A Pernice and Sebastian Henningsen and Roman Proskalovich and Martin Florian and Hermann Elendner},
	Booktitle = {CVCBT},
	Date-Added = {2020-09-17 09:10:59 -0400},
	Date-Modified = {2020-09-17 09:10:59 -0400},
	Title = {Monetary Stabilization in Cryptocurrencies: Design Approaches and Open Questions},
	Year = {2019}}

@inproceedings{MSS20,
	Author = {Amani Moin and Kevin Sekniqi and Emin Gun Sirer},
	Booktitle = {Financial Cryptography},
	Date-Added = {2020-09-17 09:10:32 -0400},
	Date-Modified = {2020-09-17 09:10:32 -0400},
	Title = {So{K}: A Classification Framework for Stablecoin Designs},
	Year = {2020}}

@inproceedings{CDM20,
	Author = {Jeremy Clark and Didem Demirag and Seyedehmahsa Moosavi },
	Booktitle = {Communications of the ACM},
	Date-Added = {2020-09-17 08:20:07 -0400},
	Date-Modified = {2020-09-17 11:41:22 -0400},
	Month = {July},
	Number = {7},
	Title = {Demystifying Stablecoins},
	Volume = {63},
	Year = {2020}}

